% This file was created with JabRef 2.6.
% Encoding: UTF-8

@BOOK{akos,
  title = {A Software-Defined GPS and Galileo Receiver},
  publisher = {Springer},
  year = {2007},
  author = {Kai Borre, Dennis M. Akos, Nicolaj Bertelsen, Peter Rinder, Soren
	Holdt Jensen},
  owner = {nika},
  timestamp = {2010.09.16}
}

@ARTICLE{Krumvieda_receiverand,
  author = {Kent Krumvieda and Dfc Premal Madhani and Ccar Chad and Dfc Eric
	Olson and Dfc Dr and John Thomas and Mr. Krumvieda and M. S. Civil},
  title = {Receiver and Orbital Tracking Toolbox.}
}

@BOOK{tsui,
  title = {Fundamentals of global positioning system receivers: a software approach},
  publisher = {John Wiley and Sons},
  year = {2005},
  author = {James Bao-yen Tsui},
  owner = {nika},
  timestamp = {2010.09.16}
}

@BOOK{kaplan,
  title = {Understanding GPS: Principles and Applications, Second Edition},
  publisher = {Artech House},
  year = {2006},
  editor = {Elliott D. Kaplan, Christopher Hegarty},
  owner = {nika},
  timestamp = {2010.09.16}
}

@comment{jabref-meta: selector_publisher:}

@comment{jabref-meta: selector_author:}

@comment{jabref-meta: selector_journal:}

@comment{jabref-meta: selector_keywords:}

