% This file was created with JabRef 2.6.
% Encoding: UTF-8

@PHDTHESIS{akosphd,
  author = {Akos, Dennis Matthew},
  title = {A software radio approach to global navigation satellite system receiver
	design},
  year = {1998},
  address = {Athens, OH, USA},
  order_no = {UMI Order No. GAX98-07414},
  publisher = {Ohio University}
}

@BOOK{akos,
  title = {A Software-Defined GPS and Galileo Receiver},
  publisher = {Springer},
  year = {2007},
  author = {Kai Borre, Dennis M. Akos, Nicolaj Bertelsen, Peter Rinder, Soren
	Holdt Jensen},
  owner = {nika},
  timestamp = {2010.09.16}
}

@ARTICLE{Krumvieda_receiverand,
  author = {Kent Krumvieda and Dfc Premal Madhani and Ccar Chad and Dfc Eric
	Olson and Dfc Dr and John Thomas and Mr. Krumvieda and M. S. Civil},
  title = {Receiver and Orbital Tracking Toolbox.}
}

@ELECTRONIC{galileo,
  author = {Guenter W. Hein
	
	Jeremie Godet
	
	Jean-Luc Issler
	
	Jean-Christophe Martin
	
	Philippe Erhard
	
	Rafael Lucas-Rodriguez
	
	Tony Pratt},
  title = {Status of Galileo Frequency and Signal Design},
  note = {[http://ec.europa.eu/dgs/energy\_transport/galileo/doc/galileo\_stf\_ion2002.pdf]},
  url = {http://ec.europa.eu/dgs/energy\_transport/galileo/doc/galileo\_stf\_ion2002.pdf}
}

@BOOK{tsui,
  title = {Fundamentals of global positioning system receivers: a software approach},
  publisher = {John Wiley and Sons},
  year = {2005},
  author = {James Bao-yen Tsui},
  owner = {nika},
  timestamp = {2010.09.16}
}

@BOOK{kaplan,
  title = {Understanding GPS: Principles and Applications, Second Edition},
  publisher = {Artech House},
  year = {2006},
  editor = {Elliott D. Kaplan, Christopher Hegarty},
  owner = {nika},
  timestamp = {2010.09.16}
}

@ELECTRONIC{gpsproject,
  title = {Исходный код проекта GPS Board},
  note = {[http://github.com/venik/gps\_project]},
  url = {http://github.com/venik/gps_project}
}

@ELECTRONIC{gpsuserequipment,
  title = {NAVSTAR GPS USER EQUIPMENT INTRODUCTION},
  note = {[http://www.navcen.uscg.gov/pubs/gps/gpsuser/gpsuser.pdf]},
  url = {http://www.navcen.uscg.gov/pubs/gps/gpsuser/gpsuser.pdf}
}

@comment{jabref-meta: selector_publisher:}

@comment{jabref-meta: selector_author:}

@comment{jabref-meta: selector_journal:}

@comment{jabref-meta: selector_keywords:}

